=LDR  01107cam a22003253a 4500
=001  013384731
=003  Uk
=005  20200417183113.0
=008  060123s\\\\\\\\\\\\\\\\\\\\\\\0\\\\eng\\
=FMT  \\$a  BK
=100  \\$aSeoy, M.
=245  \2$aA smoothed least squares estimator for threshold regression models.
=260  \\$aLondon :$bLondon School of Economics,$c2005.
=336  \\$atext$2rdacontent
=337  \\$aunmediated$2rdamedia
=338  \\$avolume$2rdacarrier
=490  \\$aEconometrics$vEM/2005/496
=985  \\$aUpgraded by BSS-generated file for WR1910-0531
=CAT  \\$a10902$b40$c20060123$lBLL01$h1442
=CAT  \\$a10902$b40$c20060123$lBLL01$h1443
=CAT  \\$a11249$b40$c20060202$lBLL01$h1335
=CAT  \\$aBATCH-UPD$b40$c20070912$lBLL01$h2023
=CAT  \\$aBATCH$b00$c20080505$lBLL01$h1320
=CAT  \\$aWR10_184$c20101208$lBLL01$h1636
=CAT  \\$aWR12-140$c20121030$lBLL01$h1049
=CAT  \\$aWR13.144/5$c20140418$lBLL01$h0935
=CAT  \\$aW1910-0531$b00$c20200417$lBLL01$h1831
=DRT  \\$aVDEP
=STA  \\$aSUPPRESSED$bWR10_184
=LAS  \\$aW1910-0531$b00$c20200417$lBLL01$h1831

